@article{kay2016beyond,
  title={Beyond Weber's Law: A Second Look at Ranking Visualizations of Correlation},
  author={Kay, Matthew and Heer, Jeffrey},
  journal={IEEE transactions on visualization and computer graphics},
  volume={22},
  number={1},
  pages={469--478},
  year={2016},
  publisher={IEEE}
}

@article{harrison2014ranking,
	title={Ranking visualizations of correlation using weber's law},
	author={Harrison, Lane and Yang, Fumeng and Franconeri, Steven and Chang, Remco},
	journal={IEEE transactions on visualization and computer graphics},
	volume={20},
	number={12},
	pages={1943--1952},
	year={2014},
	publisher={IEEE}
}

@inproceedings{rensink2010perception,
	title={The perception of correlation in scatterplots},
	author={Rensink, Ronald A and Baldridge, Gideon},
	booktitle={Computer Graphics Forum},
	volume={29},
	number={3},
	pages={1203--1210},
	year={2010},
	organization={Wiley Online Library}
}

@techreport{cleveland1982variables,
	title={Variables on scatterplots look more highly correlated when the scales are increased.},
	author={Cleveland, William S and Diaconis, Persi and McGill, Robert},
	year={1982},
	institution={DTIC Document}
}

@article{lewandowsky2011popular,
	title={Popular consensus climate change is set to continue},
	author={Lewandowsky, Stephan},
	journal={Psychological Science},
	year={2011},
	publisher={Sage Publications}
}

@article{harvey1997effects,
	title={Effects of data noise on statistical judgement},
	author={Harvey Teresa Ewart Robert West, Nigel},
	journal={Thinking \& Reasoning},
	volume={3},
	number={2},
	pages={111--132},
	year={1997},
	publisher={Taylor \& Francis}
}

@article{lewandowsky1989discriminating,
	title={Discriminating strata in scatterplots},
	author={Lewandowsky, Stephan and Spence, Ian},
	journal={Journal of the American Statistical Association},
	volume={84},
	number={407},
	pages={682--688},
	year={1989},
	publisher={Taylor \& Francis}
}

@article{bolger1993context,
	title={Context-sensitive heuristics in statistical reasoning},
	author={Bolger, Fergus and Harvey, Nigel},
	journal={The Quarterly Journal of Experimental Psychology},
	volume={46},
	number={4},
	pages={779--811},
	year={1993},
	publisher={Taylor \& Francis}
}

@article{talbot2012empirical,
	title={An empirical model of slope ratio comparisons},
	author={Talbot, Justin and Gerth, John and Hanrahan, Pat},
	journal={IEEE Transactions on Visualization and Computer Graphics},
	volume={18},
	number={12},
	pages={2613--2620},
	year={2012},
	publisher={IEEE}
}

@article{beattie2002impact,
	title={The impact of graph slope on rate of change judgments in corporate reports},
	author={Beattie, Vivien and Jones, Michael John},
	journal={Abacus},
	volume={38},
	number={2},
	pages={177--199},
	year={2002},
	publisher={Wiley Online Library}
}

@incollection{best2008visual,
	title={Visual Extrapolation of Linear and Nonlinear Trends: Does the Knowledge of Underlying Trend Type Affect Accuracy and Response Bias?},
	author={Best, Lisa A},
	booktitle={Advances in Computer and Information Sciences and Engineering},
	pages={273--278},
	year={2008},
	publisher={Springer}
}

@article{fisher1974experimental,
	title={An experimental study of linear inclination},
	author={Fisher, Gerald H},
	journal={The Quarterly journal of experimental psychology},
	volume={26},
	number={1},
	pages={52--62},
	year={1974},
	publisher={Taylor \& Francis}
}